<?xml version="1.0" encoding="UTF-8"?><collection xmlns="http://www.loc.gov/MARC21/slim"><record><leader>00380nam--2200145-i-4500</leader><controlfield tag="001">000024991</controlfield><controlfield tag="002">20161230</controlfield><controlfield tag="005">20161230201035</controlfield><controlfield tag="008">060222s1000------------r-----000-0-eng-d</controlfield><datafield ind1=" " ind2=" " tag="080"><subfield code="a">36</subfield></datafield><datafield ind1=" " ind2=" " tag="100"><subfield code="a">Altenkirch (Dr.Ing.E.H.Edmund)</subfield></datafield><datafield ind1=" " ind2=" " tag="245"><subfield code="a">Verzogerungsfunktion</subfield></datafield><datafield ind1=" " ind2=" " tag="260"><subfield code="a">Berlin, Verlag Technik, 1952 75p. + 6 Diagr</subfield></datafield><datafield ind1=" " ind2=" " tag="490"><subfield code="a">Taschenausgabe Verlag Technik</subfield></datafield><datafield ind1=" " ind2=" " tag="852"><subfield code="a">11188</subfield></datafield></record></collection>